@article{dijkstra1959,
   author = {Dijkstra, E. W.},
   affiliation = {Mathematisch Centrum 2e Boerhaavestraat 49 Amsterdam-O},
   title = {A note on two problems in connexion with graphs},
   journal = {Numerische Mathematik},
   publisher = {Springer Berlin / Heidelberg},
   issn = {0029-599X},
   keyword = {Mathematics and Statistics},
   pages = {269-271},
   volume = {1},
   issue = {1},
   year = {1959}
}

@article{fischler1981random,
  title={Random sample consensus: a paradigm for model fitting with applications to image analysis and automated cartography},
  author={Fischler, M.A. and Bolles, R.C.},
  journal={Communications of the ACM},
  volume={24},
  number={6},
  pages={381--395},
  year={1981},
  publisher={ACM}
}

@inproceedings{gehler2009feature,
  title={On feature combination for multiclass object classification},
  author={Gehler, P. and Nowozin, S.},
  booktitle={Computer Vision, 2009 IEEE 12th International Conference on},
  pages={221--228},
  year={2009},
  organization={IEEE}
}

@article{gold2009robotic,
  title={Robotic vocabulary building using extension inference and implicit contrast},
  author={Gold, K. and Doniec, M. and Crick, C. and Scassellati, B.},
  journal={Artificial Intelligence},
  volume={173},
  number={1},
  pages={145--166},
  year={2009},
  publisher={Elsevier}
}

@inproceedings{huang2010,
    TITLE      = {{LCM}: Lightweight Communications and Marshalling},
    AUTHOR     = { Albert Huang and Edwin Olson and David Moore},
    BOOKTITLE  = {Proceedings of the {IEEE/RSJ} International Conference on Intelligent
        Robots and Systems {(IROS)}},
    YEAR       = {2010},
    MONTH      = {October},
    VOLUME     = {},
    NUMBER     = {},
    PAGES      = { },
    KEYWORDS   = { Interprocess communication, message passing, robot middleware},
    ISSN       = { },
}

@inproceedings{huber2004parts,
  title={Parts-based 3d object classification},
  author={Huber, D. and Kapuria, A. and Donamukkala, R. and Hebert, M.},
  booktitle={Computer Vision and Pattern Recognition, 2004. CVPR 2004. Proceedings of the 2004 IEEE Computer Society Conference on},
  volume={2},
  pages={II--82},
  year={2004},
  organization={IEEE}
}

@inproceedings{skocaj2007system,
  title={A system for continuous learning of visual concepts},
  author={Skocaj, D. and Berginc, G. and Ridge, B. and {\v{S}}timec, A. and Jogan, M. and Vanek, O. and Leonardis, A. and Hutter, M. and Hawes, N.},
  booktitle={International conference on computer vision systems ICVS},
  volume={2007},
  year={2007}
}

@inproceedings{katz2008manipulating,
  title={Manipulating articulated objects with interactive perception},
  author={Katz, D. and Brock, O.},
  booktitle={Robotics and Automation, 2008. ICRA 2008. IEEE International Conference on},
  pages={272--277},
  year={2008},
  organization={IEEE}
}

@inproceedings{li2008autonomous,
  title={Autonomous segmentation of near-symmetric objects through vision and robotic nudging},
  author={Li, W.H. and Kleeman, L.},
  booktitle={Intelligent Robots and Systems, 2008. IROS 2008. IEEE/RSJ International Conference on},
  pages={3604--3609},
  year={2008},
  organization={IEEE}
}

@misc{LIBLINEAR,
    author = {LIBLINEAR},
    howpublished = {\url{http://www.csie.ntu.edu.tw/~cjlin/liblinear/}},
}

@inproceedings{lai2011sparse,
  title={Sparse distance learning for object recognition combining RGB and depth information},
  author={Lai, K. and Bo, L. and Ren, X. and Fox, D.},
  booktitle={Robotics and Automation (ICRA), 2011 IEEE International Conference on},
  pages={4007--4013},
  year={2011},
  organization={IEEE}
}

@inproceedings{marton2010hierarchical,
  title={Hierarchical object geometric categorization and appearance classification for mobile manipulation},
  author={Marton, Z.C. and Pangercic, D. and Rusu, R.B. and Holzbach, A. and Beetz, M.},
  booktitle={Humanoid Robots (Humanoids), 2010 10th IEEE-RAS International Conference on},
  pages={365--370},
  year={2010},
  organization={IEEE}
}

@inproceedings{nilsback2006visual,
  title={A visual vocabulary for flower classification},
  author={Nilsback, M.E. and Zisserman, A.},
  booktitle={Computer Vision and Pattern Recognition, 2006 IEEE Computer Society Conference on},
  volume={2},
  pages={1447--1454},
  year={2006},
  organization={Ieee}
}

@article{opencv_library,
    author = {Bradski, G.},
    citeulike-article-id = {2236121},
    journal = {Dr. Dobb's Journal of Software Tools},
    keywords = {bibtex-import},
    posted-at = {2008-01-15 19:21:54},
    priority = {4},
    title = {{The OpenCV Library}},
    year = {2000}
}

@misc{OpenKinect,
    author = {OpenKinect},
    howpublished = {\url{http://openkinect.org/wiki/Main_Page}},
}

@article{roy2002learning,
  title={Learning visually grounded words and syntax for a scene description task},
  author={Roy, D.K.},
  journal={Computer Speech \& Language},
  volume={16},
  number={3-4},
  pages={353--385},
  year={2002},
  publisher={Elsevier}
}

@inproceedings{schnabel2007efficient,
  title={Efficient RANSAC for Point-Cloud Shape Detection},
  author={Schnabel, R. and Wahl, R. and Klein, R.},
  booktitle={Computer Graphics Forum},
  volume={26},
  number={2},
  pages={214--226},
  year={2007},
  organization={Wiley Online Library}
}

@article{zambuto2010visually,
  title={Visually-Grounded Language Model for Human-Robot Interaction},
  author={Zambuto, D. and Dindo, H. and Chella, A.},
  journal={International Journal of Computational Linguistics Research (IJCLR)},
  volume={1},
  number={3},
  pages={105--115},
  year={2010}
}

@inproceedings{rublee2011orb,
  title={ORB: an efficient alternative to SIFT or SURF},
  author={Rublee, E. and Rabaud, V. and Konolige, K. and Bradski, G.},
  booktitle={Computer Vision (ICCV), 2011 IEEE International Conference on},
  pages={2564--2571},
  year={2011},
  organization={IEEE}
}

@misc{rgbdemo,
    author = {Nicolas Burrus},
    title = {Kinect RGBDemo},
    howpublished = {\url{http://labs.manctl.com/rgbdemo}},
}
